@book{adams1995hitchhiker,
  title={The Hitchhiker's Guide to the Galaxy},
  author={Adams, D.},
  isbn={9781417642595},
  url={http://books.google.com/books?id=W-xMPgAACAAJ},
  year={1995},
  publisher={San Val}
}

@Manual{integration_testing,
title = {A Study of Integration Testing and Software Regression at the Integration Level},
organization = {Institute of Electrical and Electronics Engineers},
year = 1990
}

@Manual{ieee1008,
title = {IEEE Std 1008-1987 -  Standard for Software Unit Testing},
organization = {Institution of Electrical and Electronics Engineers}
}

@Manual{iso25010,
title = {Systems and software engineering - Systems and software Quality Requirements and Evaluation (SQuaRE) - Systems and software quality models},
organization = {International Organization for Standardisation, ISO},
month = {mars},
year = {2011}
}

@Manual{ieee829,
title = {IEEE std 829 - Standard for Software and System Test Documentation},
organization = {Institution of Electrical and Electronics Engineers},
address = {http://ieeexplore.ieee.org.e.bibl.liu.se/document/4459218/},
year = {1998}
}

@misc{website:mocha,
	author    = "Practical Meteor",
	title     = "practicalmeteor:mocha",
	url	  = "https://atmospherejs.com/practicalmeteor/mocha",
	note	  = "Hämtad 2017-04-07"
}

@misc{website:chai,
	author    = "Chai",
	title     = "Chai Assertion Library",
	url       = "http://chaijs.com/",
	note	  = "Hämtad 2017-04-07"
}

@misc{website:bootstrap,
	author	  = "Twitter Inc.", 
	title 	  = "Bootstrap - The world's most popular mobile-	first and responsive front-end framework", 
	url = "http://getbootstrap.com/",
	note 	  = "Hämtad 2017-05-08"
}

@misc{website:googledrive,
	author    = "Google Inc.",
	title     = "Get started with Google Drive",
	url	  = "https://support.google.com/drive/answer/2424384?hl=en",
	note	  = "Hämtad 2017-02-17"
}

@misc{website:latex,
	author	  = "The LaTeX Project",
	title  	  = "LaTeX, A document preparation system.",
	url	  = "https://www.latex-project.org/",
	note	  = "Hämtad 2017-02-17"
}

@misc{website:scrum,
	author	  = "Scrum.org",
	title	  = "What is scrum?",
	url	  = "https://www.scrum.org/resources/what-is-scrum",
	note	  = "Hämtad 2017-02-17"
}

@misc{website:slack,
	author	  = "Slack.com",
	title	  = "Team communication in the 21st century.",
	url	  = "https://slack.com/is",
	note	  = "Hämtad 2017-02-17"
}

@misc{website:sprint,
	author	  = "Tech Target",
	title	  = "Sprint (software development)",
	url	  = "http://searchsoftwarequality.techtarget.com/definition/Scrum-sprint",
	note	  = "Hämtad 2017-02-17"
}

@misc{website:git,
	author	  = "Git Scm",
	title	  = "About Git",
	url	  = "https://git-scm.com/about",
	note	  = "Hämtad 2017-02-17"
}

@misc{website:gitlab,
	author	  = "Gitlab Inc.",
	title	  = "Open software to collaborate on code",
	url	  = "https://gitlab.ida.liu.se/",
	note	  = "Hämtad 2017-02-20"
}

@misc{website:webstorm,
	author	  = "JetBrains",
	title	  = "Javascript editor",
	url	  = "https://www.jetbrains.com/webstorm/",
	note	  = "Hämtad 2017-04-24"
}

@misc{website:trello,
	author	  = "Trello Inc.",
	title	  = "Trello",
	url	  = "https://trello.com/",
	note	  = "Hämtad 2017-02-20"
}

@misc{website:meteor,
	author	  = "Meteor Development Group Inc.",
	title	  = "The fastest way to build Javascript Apps.",
	url	  = "https://meteor.com/",
	note 	  = "Hämtad 2017-02-20"
}

@misc{website:nodejs,
	author	  = "Node.js Foundation",
	title	  = "About Node.js",
	url	  = "https://nodejs.org/en/about/",
	note	  = "Hämtad 2017-02-20"
}

@misc{website:mongodb,
	author	  = "MongoDB Inc",
	title	  = "MongoDB 3.4, Your Database Evolved",
	url	  = "https://www.mongodb.com/what-is-mongodb",
	note	  = "Hämtad 2017-02-20"
}

@misc{website:javascript,
	author	  = "Code School",
	title	  = "Try JavaScript",
	url	  = "https://www.javascript.com/",
	note	  = "Hämtad 2017-02-20"
}

@misc{website:cytoscape,
	author	  = "Franz M and Lopes CT and Huck G and Dong Y and Sumer O and Bader GD",
	title	  = "Cytoscape.js: a graph theory library for visualisation and analysis",
	url	  = "http://js.cytoscape.org/",
	note	  = "Hämtad 2017-04-12"
}

@misc{website:dagre,
	author	  = "Chris Pettitt",
	title	  = "Dagre",
	url	  = "https://github.com/cpettitt/dagre",
	note	  = "Hämtad 2017-04-12"
}

@misc{website:vis,
	author	  = "Almende B.V.",
	title	  = "Vis.js",
	url	  = "http://visjs.org/",
	note	  = "Hämtad 2017-05-18"
}

@misc{website:apachelicense,
	author	  = "Apache Software Foundation",
	title	  = "APACHE LICENSE, VERSION 2.0",
	url	  = "https://www.apache.org/licenses/LICENSE-2.0",
	note	  = "Hämtad 2017-04-12"
}

@misc{website:ecmascript,
	author	  = "Ralf S. Engelschall",
	title	  = "ECMAScript 6",
	url	  = "http://es6-features.org/#Constants",
	note	  = "Hämtad 2017-04-12"
}

@misc{website:meteorcodestyle,
	author	  = "Meteor Development Group Inc.",
	title	  = "Meteor Code Style",
	url	  = "https://guide.meteor.com/code-style.html",
	note	  = "Hämtad 2017-04-12"
}

@book{javascriptsinglethread,
	title	  = {JavaScript: The Definitive Guide (6th ed.)},
	author	  = {Flanagan, David},
	isbn	  = {9780596805524},
	publisher = {O'Reilly and Associates},
	year	  = {2011}
}

@misc{website:nodemultithreading,
	author	  = "Node.js foundation",
	title	  = "Node.js v7.8.0 Documentation",
	url	  = "https://nodejs.org/api/cluster.html",
	note	  = "Hämtad 2017-04-07"
}

@misc{website:publishsubscribe,
	author	  = "Microsoft",
	title	  = "Publish/Subscribe",
	url	  = "https://msdn.microsoft.com/en-us/library/ff649664.aspx",
	note	  = "Hämtad 2017-04-07"
}

@misc{website:scrum_guide,
author = "Ken Schwaber and Jeff Sutherland",
title  = "The Scrum Guide",
url    = "http://www.scrumguides.org/docs/scrumguide/v2016/2016-Scrum-Guide-US.pdf",
year   = "2016",
note   = "Hämtad 2017-04-06"
}

@misc{website:eiffel,
author = "Daniel Ståhl",
title  = "Eiffel",
url    = "github.com/Ericsson/eiffel",
year   = "2016",
note   = "Hämtad 2017-04-06"
}

@book{continous_integration,
title     = {Continous Integration: Improving Software Quality and Reducing Risk},
author    = {Paul M. Duvall and Steve Matyas and Andrew Glover},
isbn	  = {9780321336385},
publisher = {Pearson Education},
year	  = {2017}
}

@article{greensoft,
author    = {Stefan Naumann and Markus Dick and Eva Kern and Timo Johann},
title     = {The GREENSOFT Model: A reference model for green and sustainable software and its engineering},
issn      = {2210-5379},
volume    = {1},
number    = {4},
pages     = {294-304},
journal   = {Sustainable Computing: Informatics and Systems},
year      = {2011},
publisher = {Elsevier}
}

@book{arvolaboken,
title     = {Interaktionsdesign och UX : om att skapa en god användarupplevelse},
author    = {Mattias Arvola},
isbn	  = {9789144097640},
publisher = {Studentlitteratur AB},
year      = {2014}
}

@misc{website:atlassian_git,
title     = "Comparing Workflows",
author	  = "Atlassian",
url       = "www.atlassian.com/git/tutorials/comparing-workflows",
note      = "Hämtad 2017-04-07"
}

@misc{website:atlassian_kanban,
title	  = "Kanban",
author	  = "Dan Radigan",
publisher = "Atlassian",
url	  = "https://www.atlassian.com/agile/kanban",
note	  = "Hämtad 2017-04-27"
}

@misc{website:gitlab_merge_request,
title     = "Merge Requests",
publisher = "GitLab",
url       = "docs.gitlab.com/ce/api/merge_requests.html",
note	  = "Hämtad 2017-04-12"
}

@misc{website:docker,
title	  = "Get Started with Docker",
author	  = "Docker Inc.",
url       = "https://www.docker.com/",
note      = "Hämtad 2017-04-14"
}

@misc{website:npm,
title	  = "npm",
author	  = "npm Inc.",
url	 	  = "https://www.npmjs.com/",
note	  = "Hämtad 2017-04-14"
}

@misc{website:atmosphere,
title	  = "Explore Meteor Packages",
author	  = "Percolate Studio",
url	  	  = "https://atmospherejs.com/",
note	  = "Hämtad 2017-04-14"
}

@misc{website:meteorstructure,
title     = "Application Structure",
author    = "Meteor Development Group Inc.",
url       = "https://guide.meteor.com/structure.html#example-app-structure",
note      = "Hämtad 2017-05-05"
}

@misc{website:invision,
title	  = "InVision: Digital Product Design, Workflow and Collaboration",
author    = "InVision",
url       = "https://www.invisionapp.com/",
note      = "Hämtad 2017-05-08"

}

%start of Seba's references

@article{computer_science_teaching,
author    = {Lecia J. Barker and Kathy Garvin-Doxas and Eric Roberts},
title     = {What can computer science learn from a fine arts approach to teaching?},
year      = {2005},
journal   = {SIGCSE bulletin},
publisher = {SIGCSE technical symposium on Computer science education},
issn      = {0097-8418},
pages     = {421-425}
}

@book{training_basics,
Author	  = {Geoffrey M. Bellman and Leslie A. Kelly},
Title 	  = {Create Effective Workshops: Training Basics},
Journal   = {Association for Talent Development},
Year 	  = {1986},
isbn      = {758604},
publisher = {Alexandria}
}

@book{workshop_success,
Author	  = {Jane Stephenson and Anne Galloway},
Title	  = {The Secrets to Workshop Success},
Journal	  = {bookboon.com},
Year	  = {2012},
publisher = {Ventus Publishing ApS},
isbn      = {978-87-403-0174-8}
}

@book{questionnaire_design,
Author 	  = {Ian Brace},
Title	  = {Questionnaire Design: How to Plan, Structure and Write Survey Material for Effective Market Research, 3rd edition},
publisher = {Kogan Page Publishers},
Year 	  = {2013},
isbn      = {0749467797}
}

@book{facilitation_made_easy,
Author	  = {Esther Cameron},
Title 	  = {Facilitation Made Easy: Practical Tips to Improve Meetings and Workshops, 3rd Edition},
publisher = {Kogan Page Publishers},
Year	  = {2005},
isbn      = {0749443510}
}

@article{live_coding_for_all,
Author	  = {Herrera Machuca, M.},
Title	  = {Live coding for all: three creative approaches to live coding for non-programmers},
Journal	  = {International Journal of Performance Arts and Digital Media},
Year	  = {2016},
issn      = {2040-0934},
publisher = {Routledge},
pages     = {187-194}
}

%end of Seba's references
%start of Wassings references

@proceedings{docsystemdev,
Title 	  = {Proceedings of the 42nd Hawaii International Conference on System Sciences - 2009},
Booktitle = {Proceedings of the 42nd Hawaii International Conference on System Sciences - 2009},
Series	  = {Documentation in System Development: A significant Criterion for Project Success},
Publisher = {M. Faisal Fariduddin Attar Nasution and H. Roland Weistroffer},
Adress	  = {Virginia Commonwealth University, US},
Year	  = {2009}
}
@misc{website:latex_update_release,
Title	  = "The LaTeX Project",
Author	  = "Latex-Project.org",
Url		  = "https://www.latex-project.org/news/latex2e-news/",
Note	  = "Hämtad 2017-05-18"
}

@misc{website:sharelatex_git_sync,
Title	  = "ShareLaTeX github sync",
Author	  = "Henry Oswald",
Url		  = "https://sv.sharelatex.com/blog/2015/02/10/sharelatex-github-sync.html",
Note	  = "Hämtad 2017-05-18"
}

@misc{website:sharelatex_with_git,
Title	  = "Collaborating with ShareLaTeX and git",
Author	  = "James Allen",
Url	  	  = "https://www.sharelatex.com/blog/2012/10/16/collaborating-with-latex-and-git.html",
Note	  = "Hämtad 2017-04-13"
}

@misc{website:scigit_blog,
Title	  = "How SciGit and other collaborative editing/version control services are different",
Author 	  = "Doug Sherk",
Url 	  = "https://scigit.wordpress.com/2014/01/02/how-scigit-and-other-services-are-different/",
Note 	  = "Hämtad 2017-04-13"
}

@book{the_tex_book,
Title	  = {Computers and Typesetting, The TexBook},
Author 	  = {Donald Ervin Knuth},
Isbn 	  = {0-201-13447-0},
Url 	  = {http://www.ctex.org/documents/shredder/src/texbook.pdf},
Year 	  = {1984},
Publisher = {Addison-Wesley Publishing Company}
}

@misc{website:git_version_control,
Title 	  = "Getting Started - About Version Control",
Author    = "Git Scm",
Url	  	  = "https://git-scm.com/book/en/v2/Getting-Started-About-Version-Control",
Note 	  = "Hämtad 2017-04-15"
}

@misc{website:centralized_version_control,
Title 	  = "What is Version Control: Centralized vs. DVCS",
Author 	  = "Giancarlo Lionetti",
Url 	  = "https://www.atlassian.com/blog/2012/02/version-control-centralized-dvcs",
Note 	  = "Hämtad 2017-04-13"
}

@misc{website:using_git_with_word,
Title 	  = "Using Microsoft Word with git",
Author 	  = "Martin Fenner",
Url 	  = "http://blog.martinfenner.org/2014/08/25/using-microsoft-word-with-git/",
Note 	  = "Hämtad 2017-04-13"
}

@misc{website:sharelatex,
Title	  = "LaTeX, Evolved",
Author 	  = "ShareLaTeX corporation.",
Url 	  = "https://www.sharelatex.com/",
Note 	  = "Hämtad 2017-04-13"
}

@misc{website:liu_office_package,
Title	  = "Ladda ner office utan kostnad",
Author	  = "Studentredaktionen@liu.se",
Url 	  = "https://www.student.liu.se/nyhetsarkiv/1.557438?l=sv",
Note 	  = "Hämtad 2017-04-13"
}

%end of Wassings references
%start of Rebeccas references

@book{prototyping-guide,
title     = {Prototyping: a practitioner's guide},
author    = {Todd Zaki Warfei},
isbn	  = {1-933820-21-7},
publisher = {Rosenfeld},
year      = {2009}
}

@book{paper-prototyping,
title     = {Paper Prototyping: The Fast and Easy Way to Design and Refine User Interfaces},
author    = {Carolyn Snyder},
isbn	  = {1-55860-870-2},
publisher = {Morgan Kaufmann Publishers},
year      = {2003}
}

@book{information-visualization,
title     = {Information Visualization: Design for Interaction},
author    = {Robert Spence},
edition   = {Second},
isbn	  = {978-0-13-206550-4},
publisher = {Pearson Prentice Hall},
year      = {2007}
}

@book{effective-prototyping,
title     = {Effective Prototyping for Software Makers},
author    = {Jonathan Arnowitz, Michael Arent, Nevin Berger},
isbn	  = {978-0-12-088568-8},
publisher = {Morgan Kaufmann Publishers},
year      = {2007}
}
%end of Rebecca's references
%start of Victor's references

@misc{website:smartbear,
Title	  = "Best kept secrets of peer code review",
Author 	  = "Jason Cohen,Steven Teleki, Eric Brown",
Url 	  = "http://smartbear.com/SmartBear/media/pdfs/best-kept-secrets-of-peer-code-review.pdf",
Note 	  = "Hämtad 2017-04-24"
}

@article{review_expectations,
Author 	  = {Alberto Bacchelli, Christian Bird},
Title 	  = {Expectations, Outcomes, and Challenges of Modern Code Review},
Journal   = {"Proceedings of the 2013 International Conference on Software Engineering (ICSE)", IEEE},
Year 	  = {2013},
ISBN 	  = {978-1-4673-3076-3},
Note	  = {s. 712-721}
}
@article{review_foureyes,
Author	  = {"Gabriele Bavota, Barbara Russo"},
Title	  = {Four eyes are better than two: On the impact of code reviews on software quality},
Journal	  = {"IEEE International Conference on Software Maintenance and Evolution (ICSME)", IEEE},
Year	  = {2015},
ISBN	  = {978-1-4673-7532-0},
Note	  = {s. 81-90}
}

%end of Victor's references

@journal{production_of_large_computer_programs,
title     = {Production of Large Computer Programs},
author    = {Herbert D. Benington},
journal   = {IEEE Annals of the History of Computing, vol. 5},
year      = {1983}
}

%start of Joakim's references

@book{book:artoftesting,
author 	  = {Glenford J. Myers, Corey Sandler and Tom Badgett.},
title	  = {The art of software testing},
publisher = {John Wiley and Sons},
year	  = {2011},
isbn = {9781118031964}
}

%end of Joakim's references
%start of Jonathan's references

@book{book:the-design-of-everyday-things,
title     = {The Design of Everyday Things},
author    = {Don Norman},
edition   = {Revised and expanded edition.},
isbn	  = {9780465003945},
publisher = {Basic Books},
year      = {2013}
}

%end of Jonathan's references
%start of JohanN's references
@book{agile_retrospectives,
author    = {Esther Derby, Diana Larsen},
title     = {Agile Retrospectives - Making good teams great},
isbn      = {978-1-9377-8537-6},
publisher = {The Pragmatic Bookshelf},
year      = {2006}
}

@article{wow_team,
author    = {Gourav Tiwari, Zainab Alikhan},
title     = {From "Team" to "Wow Team": An Agile Team's Journey},
journal   = {Agile Conference},
isbn      = {978-1-6128-4426-8},
publisher = {Conference Publishing Services},
year      = {2011},
}
@journal{agile_practices,
author = {},
title = {Agile Practices: The Impact on Trust in Software Project Teams}
}
%end of JohanN's references
%start of JohanT's references

@article{review_node,
Author 	  = {"Ho-Kyeong Ra and Hee Jung Yoon and Asif Salekin and Jin-Hee Lee and John A. Stankovic and Sang Hyuk Son"},
Title 	  = {"Poster: Software Architecture for Efficiently Designing Cloud Applications using Node.js"},
Journal   = {MobiSys '16 Companion},
Year 	  = {2016},
ISBN 	  = {978-1-4503-4416-6},
Note	  = {Pages 72-72}
}

@misc{website:oldmeteor,
	author    = {Meteor Development Group},
	title     = {Documentation: Meteor},
	url	  = {https://web.archive.org/web/20120705173127/http://docs.meteor.com/},
	note	  = {Hämtad 2017-05-11}
}