@article{scigen,
Author = {Niklas Andersson and Niklas Andersson and Niklas Andersson and Niklas Andersson and Niklas Andersson},
Title = {Evaluating E-Business and Gigabit Switches with Quint},
Journal = {Communications of the {ACM}},
Year = {2007}
}

@article{test,
Author = {Johnny Walker},
Title = {On Whiskey},
Journal = {Communications of the {AA}},
Year = {1999}
}

@Book{artoftesting,
author = {Glenford J. Myers, Corey Sandler, Tom Badgett},
ALTeditor = {•},
title = {The Art of Software Testing},
publisher = {•},
year = {1979},
OPTkey = {•},
OPTvolume = {•},
OPTnumber = {•},
OPTseries = {•},
OPTaddress = {•},
edition = {Third Edition},
OPTmonth = {•},
OPTnote = {•},
OPTannote = {•}
}

@Book{realworld,
author = {Kit Edward, Finzi Susannah},
ALTeditor = {•},
title = {Software Testing in the Real World: Improving the Process},
publisher = {•},
year = {1995},
OPTkey = {•},
OPTvolume = {•},
OPTnumber = {•},
OPTseries = {•},
OPTaddress = {•},
OPTedition = {•},
OPTmonth = {•},
OPTnote = {•},
OPTannote = {•}
}

