@article{scigen,
Author = {Niklas Andersson and Niklas Andersson and Niklas Andersson and Niklas Andersson and Niklas Andersson},
Title = {Evaluating E-Business and Gigabit Switches with Quint},
Journal = {Communications of the {ACM}},
Year = {2007}
}

@article{test,
Author = {Johnny Walker},
Title = {On Whiskey},
Journal = {Communications of the {AA}},
Year = {1999}
}

@proceedings{docsystemdev,
Title = {Proceedings of the 42nd Hawaii International Conference on System Sciences - 2009},
Booktitle = {Proceedings of the 42nd Hawaii International Conference on System Sciences - 2009},
Series = {Documentation in System Development: A significant Criterion for Project Success},
Publisher = {M. Faisal Fariduddin Attar Nasution and H. Roland Weistroffer},
Adress = {Virginia Commonwealth University, US},
Year = {2009}
}

@misc{website:scigit_blog,
Title = "How SciGit and other collaborative editing/version control services are different",
Author = "Doug Sherk",
Url = "https://scigit.wordpress.com/2014/01/02/how-scigit-and-other-services-are-different/",
Note = "Hämtad 2017-04-13"
}

@misc{website:sharelatex_with_git,
Title = "Collaborating with ShareLaTeX and git",
Author = "James Allen",
Url = "https://www.sharelatex.com/blog/2012/10/16/collaborating-with-latex-and-git.html",
Note = "Hämtad 2017-04-13"
}

@misc{website:git,
Author = "Git Scm",
Url = "https://git-scm.com/about",
Note = "Hämtad 2017-04-13"
}

@misc{website:git_version_control,
Title = "Getting Started - About Version Control",
Author = "Git Scm",
Url = "https://git-scm.com/book/en/v2/Getting-Started-About-Version-Control",
Note = "Hämtad 2017-04-15"
}

@misc{website:centralized_version_control,
Title = "What is Version Control: Centralized vs. DVCS",
Author = "Giancarlo Lionetti",
Url = "https://www.atlassian.com/blog/2012/02/version-control-centralized-dvcs",
Note = "Hämtad 2017-04-13"
}

@misc{website:using_git_with_word,
Title = "Using Microsoft Word with git",
Author = "Martin Fenner",
Url = "http://blog.martinfenner.org/2014/08/25/using-microsoft-word-with-git/",
Note = "Hämtad 2017-04-13"
}

@misc{website:googledrive,
Author = "Google Inc.",
Title = "Get started with Google Drive",
Url	= "https://support.google.com/drive/answer/2424384?hl=en",
Note = "Hämtad 2017-02-17"
}

@misc{website:sharelatex,
Author = "ShareLaTeX corporation.",
Title = "LaTeX, Evolved",
Url = "https://www.sharelatex.com/",
Note = "Hämtad 2017-04-13"
}

@misc{website:liu_office_package,
Author = "Studentredaktionen@liu.se",
Url = "https://www.student.liu.se/nyhetsarkiv/1.557438?l=sv",
Note = "Hämtad 2017-04-13",
}

@book{the_tex_book,
Title = {Computers and Typesetting, The TexBook},
Author = {Donald Ervin Knuth},
Isbn={0-201-13447-0},
Url={http://www.ctex.org/documents/shredder/src/texbook.pdf},
Year={1984},
Publisher={Addison-Wesley Publishing Company}
}